% This file was created with JabRef 2.10b2.
% Encoding: ISO8859_1


@Inproceedings{capelletti2009parsing,
  Title                    = {Parsing with non-associative Lambek grammars},
  Author                   = {Capelletti, Matteo},
  Booktitle                = {Parsing with Categorial Grammars Workshop ESSLLI 2009 Bordeaux, France Book of Abstracts},
  Year                     = {2009},
  Pages                    = {1}
}

@Inproceedings{konig1989parsing,
  Title                    = {Parsing as natural deduction},
  Author                   = {K{\"o}nig, Esther},
  Booktitle                = {Proceedings of the 27th annual meeting on Association for Computational Linguistics},
  Year                     = {1989},
  Organization             = {Association for Computational Linguistics},
  Pages                    = {272--279}
}

@Book{moot2012logic,
  Title                    = {The logic of categorial grammars: a deductive account of natural language syntax and semantics},
  Author                   = {Moot, Richard and Retor{\'e}, Christian},
  Year                     = {2012},
  Publisher                = {Springer}
}

@Article{moot2002proof,
  Title                    = {Proof nets for lingusitic analysis},
  Author                   = {Moot, Richard Cornelis Antonius},
  Year                     = {2002}
}

@Inproceedings{pereira1983parsing,
  Title                    = {Parsing as deduction},
  Author                   = {Pereira, Fernando and Warren, David},
  Booktitle                = {Proceedings of the 21st annual meeting on Association for Computational Linguistics},
  Year                     = {1983},
  Organization             = {Association for Computational Linguistics},
  Pages                    = {137--144}
}

