% This file was created with JabRef 2.10b2.
% Encoding: ISO8859_1


@Inproceedings{capelletti2009parsing,
  Title                    = {Parsing with non-associative Lambek grammars},
  Author                   = {Capelletti, Matteo},
  Booktitle                = {Parsing with Categorial Grammars Workshop ESSLLI 2009 Bordeaux, France Book of Abstracts},
  Year                     = {2009},
  Pages                    = {1}
}

@Article{clark2007wide,
  Title                    = {Wide-coverage efficient statistical parsing with CCG and log-linear models},
  Author                   = {Clark, Stephen and Curran, James R},
  Year                     = {2007},
  Number                   = {4},
  Pages                    = {493--552},
  Volume                   = {33},

  Journal                  = {Computational Linguistics},
  Publisher                = {MIT Press}
}

@Inproceedings{konig1989parsing,
  Title                    = {Parsing as natural deduction},
  Author                   = {K{\"o}nig, Esther},
  Booktitle                = {Proceedings of the 27th annual meeting on Association for Computational Linguistics},
  Year                     = {1989},
  Organization             = {Association for Computational Linguistics},
  Pages                    = {272--279}
}

@Book{kallmeyer2010parsing,
  Title                    = {Parsing beyond context-free grammars},
  Author                   = {Kallmeyer, Laura},
  Year                     = {2010},
  Publisher                = {Springer Science \& Business Media}
}

@Article{lambek1958mathematics,
  Title                    = {The mathematics of sentence structure},
  Author                   = {Lambek, Joachim},
  Year                     = {1958},
  Pages                    = {154--170},

  Journal                  = {American mathematical monthly},
  Publisher                = {JSTOR}
}

@Book{moot2012logic,
  Title                    = {The logic of categorial grammars: a deductive account of natural language syntax and semantics},
  Author                   = {Moot, Richard and Retor{\'e}, Christian},
  Year                     = {2012},
  Publisher                = {Springer}
}

@Article{moot2002proof,
  Title                    = {Proof nets for lingusitic analysis},
  Author                   = {Moot, Richard Cornelis Antonius},
  Year                     = {2002}
}

@Inproceedings{pereira1983parsing,
  Title                    = {Parsing as deduction},
  Author                   = {Pereira, Fernando and Warren, David},
  Booktitle                = {Proceedings of the 21st annual meeting on Association for Computational Linguistics},
  Year                     = {1983},
  Organization             = {Association for Computational Linguistics},
  Pages                    = {137--144}
}

