% This file was created with JabRef 2.10.
% Encoding: UTF8


@Other{ajdukiewicz1935,
  Title                    = {Die Syntaktische Konnexit{\"a}t},
  Author                   = {Ajdukiewicz, Kazimierz},
  Year                     = {1935}
}

@Other{anoun2007approche,
  Title                    = {Approche logique des grammaires pour les langues naturelles},
  Author                   = {Anoun, Houda},
  School                   = {Universit{\'e} Sciences et Technologies-Bordeaux I},
  Year                     = {2007}
}

@InProceedings{baldridge2003multi,
  Title                    = {Multi-modal combinatory categorial grammar},
  Author                   = {Baldridge, Jason and Kruijff, Geert-Jan M},
  Booktitle                = {Proceedings of the tenth conference on European chapter of the Association for Computational Linguistics-Volume 1},
  Year                     = {2003},
  Organization             = {Association for Computational Linguistics},
  Pages                    = {211--218}
}

@InProceedings{baldridge2002coupling,
  Title                    = {Coupling CCG and hybrid logic dependency semantics},
  Author                   = {Baldridge, Jason and Kruijff, Geert-Jan M},
  Booktitle                = {Proceedings of the 40th Annual Meeting on Association for Computational Linguistics},
  Year                     = {2002},
  Organization             = {Association for Computational Linguistics},
  Pages                    = {319--326}
}

@Article{bar1953quasi,
  Title                    = {A quasi-arithmetical notation for syntactic description},
  Author                   = {Bar-Hillel, Yehoshua},
  Journal                  = {Language},
  Year                     = {1953},
  Pages                    = {47--58},

  Publisher                = {JSTOR}
}

@InProceedings{boguslavsky2002development,
  Title                    = {Development of a dependency treebank for Russian and its possible applications in NLP.},
  Author                   = {Boguslavsky, Igor and Chardin, Ivan and Grigorieva, Svetlana and Grigoriev, Nikolai and Iomdin, Leonid L and Kreidlin, Leonid and Frid, Nadezhda},
  Booktitle                = {LREC},
  Year                     = {2002}
}

@InProceedings{bos2008wide,
  Title                    = {Wide-coverage semantic analysis with boxer},
  Author                   = {Bos, Johan},
  Booktitle                = {Proceedings of the 2008 Conference on Semantics in Text Processing},
  Year                     = {2008},
  Organization             = {Association for Computational Linguistics},
  Pages                    = {277--286}
}

@InProceedings{capelletti2009parsing,
  Title                    = {Parsing with non-associative Lambek grammars.},
  Author                   = {Capelletti, Matteo},
  Booktitle                = {Parsing with Categorial Grammars Workshop ESSLLI 2009 Bordeaux, France Book of Abstracts},
  Year                     = {2009},

  Langid                   = {english}
}

@InProceedings{chatzikyriakidis2014natural,
  Title                    = {Natural language reasoning using proof-assistant technology: rich typing and beyond},
  Author                   = {Chatzikyriakidis, Stergios and Luo, Zhaohui},
  Booktitle                = {EACL 2014 TTNLS Workshop},
  Year                     = {2014},
  Pages                    = {37--45}
}

@Article{clark2007wide,
  Title                    = {Wide-coverage efficient statistical parsing with CCG and log-linear models.},
  Author                   = {Clark, Stephen and Curran, James R},
  Journal                  = {Computational Linguistics},
  Year                     = {2007},
  Number                   = {4},
  Volume                   = {33},

  Langid                   = {english},
  Publisher                = {MIT Press}
}

@Article{coquand1988calculus,
  Title                    = {The calculus of constructions},
  Author                   = {Coquand, Thierry and Huet, Gerard},
  Journal                  = {Information and computation},
  Year                     = {1988},
  Number                   = {2},
  Pages                    = {95--120},
  Volume                   = {76},

  Publisher                = {Elsevier}
}

@InProceedings{curran2007linguistically,
  Title                    = {Linguistically motivated large-scale NLP with C\&C and Boxer},
  Author                   = {Curran, James R and Clark, Stephen and Bos, Johan},
  Booktitle                = {Proceedings of the 45th Annual Meeting of the ACL on Interactive Poster and Demonstration Sessions},
  Year                     = {2007},
  Organization             = {Association for Computational Linguistics},
  Pages                    = {33--36}
}

@InProceedings{degroot2001towards,
  Title                    = {Towards abstract categorial grammars},
  Author                   = {De Groote, Philippe},
  Booktitle                = {Proceedings of the 39th Annual Meeting on Association for Computational Linguistics},
  Year                     = {2001},
  Organization             = {Association for Computational Linguistics},
  Pages                    = {252--259}
}

@Article{hockenmaier2007ccgbank,
  Title                    = {CCGbank: a corpus of CCG derivations and dependency structures extracted from the Penn Treebank.},
  Author                   = {Hockenmaier, Julia and Steedman, Mark},
  Journal                  = {Computational Linguistics},
  Year                     = {2007},
  Number                   = {3},
  Volume                   = {33},

  Langid                   = {english},
  Publisher                = {MIT Press}
}

@InProceedings{konig1989parsing,
  Title                    = {Parsing as natural deduction.},
  Author                   = {K{\"o}nig, Esther},
  Booktitle                = {Proceedings of the 27th annual meeting on Association for Computational Linguistics},
  Year                     = {1989},
  Organization             = {Association for Computational Linguistics},

  Langid                   = {english}
}

@Book{kallmeyer2010parsing,
  Title                    = {Parsing beyond context-free grammars.},
  Author                   = {Kallmeyer, Laura},
  Publisher                = {Springer Science \& Business Media},
  Year                     = {2010},

  Langid                   = {english}
}

@Article{lambek1961calculus,
  Title                    = {On the calculus of syntactic types.},
  Author                   = {Lambek, Joachim},
  Journal                  = {Structure of language and its mathematical aspects},
  Year                     = {1961},
  Volume                   = {166},

  Langid                   = {english},
  Publisher                = {Providence, RI: American Mathematical Society}
}

@Article{lambek1958mathematics,
  Title                    = {The mathematics of sentence structure.},
  Author                   = {Lambek, Joachim},
  Journal                  = {American mathematical monthly},
  Year                     = {1958},

  Langid                   = {english},
  Publisher                = {JSTOR}
}

@Article{maillard2014type,
  Title                    = {A type-driven tensor-based semantics for CCG},
  Author                   = {Maillard, Jean and Clark, Stephen and Grefenstette, Edward},
  Journal                  = {EACL 2014},
  Year                     = {2014},
  Pages                    = {46}
}

@Book{moot2012logic,
  Title                    = {The logic of categorial grammars: a deductive account of natural language syntax and semantics.},
  Author                   = {Moot, Richard and Retor{\'e}, Christian},
  Publisher                = {Springer},
  Year                     = {2012},

  Langid                   = {english}
}

@Other{moot2002proof,
  Title                    = {Proof nets for lingusitic analysis.},
  Author                   = {Moot, Richard Cornelis Antonius},
  Langid                   = {english},
  Year                     = {2002}
}

@Book{morrill1994type,
  Title                    = {Type Logical Grammar: Categorial Logic of Signs},
  Author                   = {Morrill, Glyn},
  Publisher                = {Kluwer Academic Publishers, Dordrecht},
  Year                     = {1994}
}

@Article{morrill2012catlog,
  Title                    = {Catlog: A categorial parser/theorem-prover},
  Author                   = {Morrill, Glyn and London, QMUL},
  Journal                  = {LACL 2012},
  Year                     = {2012},
  Pages                    = {13}
}

@InProceedings{pereira1983parsing,
  Title                    = {Parsing as deduction.},
  Author                   = {Pereira, Fernando and Warren, David},
  Booktitle                = {Proceedings of the 21st annual meeting on Association for Computational Linguistics},
  Year                     = {1983},
  Organization             = {Association for Computational Linguistics},

  Langid                   = {english}
}

@Book{steedman2000syntactic,
  Title                    = {The syntactic process},
  Author                   = {Steedman, Mark},
  Publisher                = {MIT Press},
  Year                     = {2000},
  Volume                   = {24}
}

@InProceedings{toldova2012nlp,
  Title                    = {NLP evaluation 2011-2012: Russian syntactic parsers},
  Author                   = {Toldova, SJ and Sokolova, EG and Astaf’eva, I and Gareyshina, A and Koroleva, A and Privoznov, D and Sidorova, E and Tupikina, L and Lyashevskaya, ON},
  Booktitle                = {Computational Linguistics and Intellectual Technologies. Papers from the Annual International Conference “Dialogue},
  Year                     = {2012},
  Number                   = {11},
  Pages                    = {77--92},
  Volume                   = {2}
}

@Misc{white2008open,
  Title                    = {OpenCCG: the OpenNLP CCG library},

  Author                   = {White, Michael and Steedman, M and Baldridge, J and Kruijff, GJ},
  Year                     = {2008}
}

@Article{granovsky2010opencorpora,
  Title                    = {Открытый корпус: принципы работы и перспективы},
  Author                   = {Грановский, Д.~В. and Бочаров, В.~В. and Бичинева, С.~В.},
  Year                     = {2010},

  Editor                   = {В.Ш. Рубашкин},
  Journaltitle             = {Компьютерная лингвистика и развитие семантического поиска в Интернете: Труды научного семинара XIII Всероссийской объединенной конференции «Интернет и современное общество». Санкт-Петербург, 19–22 октября 2010 г.},
  Langid                   = {russian}
}

